# ROASTIKA (https://roastikacoffee.com)

- Domain: https://roastikacoffee.com
- Locale: en
- Currency: USD
- Timezone: America/Chicago
- Created At: 2025-09-11T02:03:25Z
- Contact Email: info@roastikacoffee.com
- Updated At: 2025-11-19T00:00:48.739Z

## Products

- [KENYA Select PLUS AA Unroasted Coffee Beans | Green Coffee](https://roastikacoffee.com/products/kenya-select-plus-aa): KENYA Select PLUS AA green coffee —medium body, well-balanced apricot, stone fruit and citrus notes; mild sweet acidity with a clean, lingering finish
  Updated: 2025-10-24T20:55:30Z
  Vendor: Roastika
  Product Type: Arabica
  Availability: Available
  Image: https://cdn.shopify.com/s/files/1/0779/5018/9812/files/kenya-select-plus-aa-1442232.png?v=1760938996
  - [Lowest](https://roastikacoffee.com/products/kenya-select-plus-aa?variant=46943808618740)
    Availability: Not Available
    Price: $8.71 USD
  - [5 lb. Bag - $10.81/lb](https://roastikacoffee.com/products/kenya-select-plus-aa?variant=47000659919092)
    Availability: Available
    Price: $54.05 USD
  - [10 lb. Bag - $9.38/lb](https://roastikacoffee.com/products/kenya-select-plus-aa?variant=47000659951860)
    Availability: Available
    Price: $93.80 USD
  - [20 lb. Bag - $8.71/lb](https://roastikacoffee.com/products/kenya-select-plus-aa?variant=47000659984628)
    Availability: Available
    Price: $174.20 USD
- [Green Coffee Sampler Pack – 4 Origins Premium Arabica Beans | ROASTIKA](https://roastikacoffee.com/products/green-coffee-sampler-pack-4-origins): Experience Roastika's Green Coffee Sampler Pack with 4 unique origins. Perfect for home roasting or professional brewing with premium Arabica beans.
  Updated: 2025-11-11T18:20:00Z
  Vendor: My Store
  Product Type: 
  Availability: Available
  Image: https://cdn.shopify.com/s/files/1/0779/5018/9812/files/green-coffee-sampler-pack-4-origins-9829847.png?v=1760938999
  Price: $57.87 USD
- [Costa Rica Tarrazu Unroasted Coffee Beans | Green Coffee](https://roastikacoffee.com/products/costa-rica-tarrazu): Well-balanced Costa Rica Tarrazu unroasted coffee: intense lemon, apricot and apple notes; sweet brown sugar-vanilla aroma, mild acidity, clean fruity finish
  Updated: 2025-10-24T19:14:35Z
  Vendor: My Store
  Product Type: Arabica
  Availability: Available
  Image: https://cdn.shopify.com/s/files/1/0779/5018/9812/files/costa-rica-tarrazu-9421201.png?v=1760938997
  - [Lowest](https://roastikacoffee.com/products/costa-rica-tarrazu?variant=47003083309300)
    Availability: Not Available
    Price: $9.72 USD
  - [5 lb. Bag - $11.35/lb](https://roastikacoffee.com/products/costa-rica-tarrazu?variant=47003083342068)
    Availability: Available
    Price: $56.73 USD
  - [10 lb. Bag - $10.23/lb](https://roastikacoffee.com/products/costa-rica-tarrazu?variant=47003083374836)
    Availability: Available
    Price: $102.33 USD
  - [20 lb. Bag - $9.72/lb](https://roastikacoffee.com/products/costa-rica-tarrazu?variant=47003083407604)
    Availability: Available
    Price: $194.48 USD
- [Indonesia Sumatra Unroasted Coffee Beans | Grade 1](https://roastikacoffee.com/products/indonesia-sumatra-grade1): Premium Grade1 Indonesia Sumatra unroasted green coffee beans with a balanced flavor profile of brown spice, cherry, tobacco, and dark chocolate.
  Updated: 2025-10-24T19:14:36Z
  Vendor: Roastika
  Product Type: Arabica
  Availability: Available
  Image: https://cdn.shopify.com/s/files/1/0779/5018/9812/files/indonesia-sumatra-grade1-1380744.png?v=1760938997
  - [Lowest](https://roastikacoffee.com/products/indonesia-sumatra-grade1?variant=46943808815348)
    Availability: Not Available
    Price: $8.49 USD
  - [5 lb. Bag - $10.59/lb](https://roastikacoffee.com/products/indonesia-sumatra-grade1?variant=47000660214004)
    Availability: Available
    Price: $52.95 USD
  - [10lb. Bag - $9.09/lb](https://roastikacoffee.com/products/indonesia-sumatra-grade1?variant=47000660246772)
    Availability: Available
    Price: $90.90 USD
  - [20 lb. Bag - $8.49/lb](https://roastikacoffee.com/products/indonesia-sumatra-grade1?variant=47000660279540)
    Availability: Available
    Price: $169.80 USD
- [Tanzania Peaberry Unroasted Coffee Beans | Green Coffee](https://roastikacoffee.com/products/tanzania-peaberry-kilimanjaro): Shop specialty-grade Tanzania Peaberry green coffee beans for home roasting. Bright citrus, berry sweetness, cocoa finish. Fresh crop and ethically sourced.
  Updated: 2025-10-25T09:01:30Z
  Vendor: Roastika
  Product Type: Arabica
  Availability: Available
  Image: https://cdn.shopify.com/s/files/1/0779/5018/9812/files/tanzania-peaberry-coffee-6928486.png?v=1760938997
  - [Lowest](https://roastikacoffee.com/products/tanzania-peaberry-kilimanjaro?variant=46943808880884)
    Availability: Not Available
    Price: $8.84 USD
  - [5 lb. Bag - $11.02/lb](https://roastikacoffee.com/products/tanzania-peaberry-kilimanjaro?variant=47000660443380)
    Availability: Available
    Price: $55.10 USD
  - [10 lb. Bag - $9.49/lb](https://roastikacoffee.com/products/tanzania-peaberry-kilimanjaro?variant=47000660476148)
    Availability: Available
    Price: $94.90 USD
  - [20 lb. Bag - $8.84/lb](https://roastikacoffee.com/products/tanzania-peaberry-kilimanjaro?variant=47000660508916)
    Availability: Available
    Price: $176.80 USD
- [Mexico Chiapas HG EP Green Coffee Beans](https://roastikacoffee.com/products/mexico-chiapas-hg-ep): High-grown Mexico Chiapas HG EP green coffee beans with cocoa, almond, and citrus notes. Washed and clean cup. Ideal for home or pro roasting
  Updated: 2025-10-26T02:09:28Z
  Vendor: Roastika
  Product Type: Arabica
  Availability: Available
  Image: https://cdn.shopify.com/s/files/1/0779/5018/9812/files/mexico-chiapas-hg-ep-green-coffee-beans-6143541.png?v=1760938998
  - [Lowest](https://roastikacoffee.com/products/mexico-chiapas-hg-ep?variant=46943808913652)
    Availability: Not Available
    Price: $8.17 USD
  - [5 lb. Bag - $10.45/lb](https://roastikacoffee.com/products/mexico-chiapas-hg-ep?variant=47000660541684)
    Availability: Available
    Price: $52.25 USD
  - [10 lb. Bag - $8.74/lb](https://roastikacoffee.com/products/mexico-chiapas-hg-ep?variant=47000660574452)
    Availability: Available
    Price: $87.40 USD
  - [20 lb. Bag - $8.17/lb](https://roastikacoffee.com/products/mexico-chiapas-hg-ep?variant=47000660607220)
    Availability: Available
    Price: $163.40 USD
- [Colombia Supremo Green Coffee Beans -  Natural Process | ROASTIKA](https://roastikacoffee.com/products/colombia-supremo): Explore Roastika's Colombia Supremo green coffee beans from Bucaramanga. Premium Arabica, natural process for rich flavor, perfect for home roasting or cafés.
  Updated: 2025-11-05T22:10:29Z
  Vendor: Roastika
  Product Type: Arabica
  Availability: Available
  Image: https://cdn.shopify.com/s/files/1/0779/5018/9812/files/colombia-supremo-green-coffee-beans-closeup-raw-unroasted.png?v=1762379875
  - [Lowest](https://roastikacoffee.com/products/colombia-supremo?variant=46943808946420)
    Availability: Not Available
    Price: $8.36 USD
  - [5 lb. Bag - $10.26/lb](https://roastikacoffee.com/products/colombia-supremo?variant=47000660639988)
    Availability: Available
    Price: $51.30 USD
  - [10 lb. Bag - $9.12/lb](https://roastikacoffee.com/products/colombia-supremo?variant=47000660672756)
    Availability: Available
    Price: $91.20 USD
  - [20 lb. Bag - $8.36/lb](https://roastikacoffee.com/products/colombia-supremo?variant=47000660705524)
    Availability: Available
    Price: $167.20 USD
- [Discover the Unique Flavor of Ethiopia Yirgacheffe](https://roastikacoffee.com/products/ethiopia-yirgacheffe): Experience the rich, aromatic taste of Ethiopia Yirgacheffe coffee, known for its bright acidity and floral notes - Roastika
  Updated: 2025-10-25T08:38:40Z
  Vendor: Roastika
  Product Type: Arabica
  Availability: Available
  Image: https://cdn.shopify.com/s/files/1/0779/5018/9812/files/ethiopia-yirgacheffe-coffee-3823660.png?v=1760938998
  - [Lowest](https://roastikacoffee.com/products/ethiopia-yirgacheffe?variant=46943196086516)
    Availability: Not Available
    Price: $8.54 USD
  - [5 lb. Bag - $10.45/lb](https://roastikacoffee.com/products/ethiopia-yirgacheffe?variant=47000660738292)
    Availability: Available
    Price: $52.25 USD
  - [10 lb. Bag - $9.2/lb](https://roastikacoffee.com/products/ethiopia-yirgacheffe?variant=47000660771060)
    Availability: Available
    Price: $92.00 USD
  - [20 lb. Bag - $8.54/lb](https://roastikacoffee.com/products/ethiopia-yirgacheffe?variant=47000660803828)
    Availability: Available
    Price: $170.80 USD
- [Brazil Cerrado – Premium green coffee 100% Arabica](https://roastikacoffee.com/products/brazil-cerrado): Experience the rich and smooth flavor of Brazil Cerrado green coffee beans with notes of sugarcane, caramel, and chocolate. Medium-bodied delight.
  Updated: 2025-10-25T08:37:29Z
  Vendor: Roastika
  Product Type: Arabica
  Availability: Available
  Image: https://cdn.shopify.com/s/files/1/0779/5018/9812/files/brazil-cerrado-8710962.png?v=1760938998
  - [Lowest](https://roastikacoffee.com/products/brazil-cerrado?variant=46942991712500)
    Availability: Not Available
    Price: $7.25 USD
  - [5lbs bag - $8.87/lb](https://roastikacoffee.com/products/brazil-cerrado?variant=46857061630196)
    Availability: Available
    Price: $49.19 USD
  - [10lbs bag - $8.07/lb](https://roastikacoffee.com/products/brazil-cerrado?variant=46857061564660)
    Availability: Available
    Price: $85.29 USD
  - [20lbs bag - $$7.25/lb](https://roastikacoffee.com/products/brazil-cerrado?variant=46857061531892)
    Availability: Available
    Price: $141.06 USD

## Collections

- [Fresh Unroasted Green Coffee Beans in Bulk](https://roastikacoffee.com/collections/unroasted): Shop specialty-grade unroasted green coffee beans for home roasting—origins from Ethiopia, Colombia, Brazil and more. Bulk options and fast shipping.
  Updated: 2025-11-18T12:27:15Z
  Total Products: 16
- [Premium Roasted Coffee Bean Collection](https://roastikacoffee.com/collections/roasted): Indulge in the rich aroma of freshly roasted coffee beans with our premium selection. Experience true quality and exceptional flavor.
  Updated: 2025-10-24T19:17:30Z
  Total Products: 8
- [Brazilian Green Coffee Beans Collection](https://roastikacoffee.com/collections/brazil): explore Brazilian green coffee origins: Cerrado, Mogiana, Sul de Minas. Unroasted beans with chocolatey, nutty sweetness and low acidity for home roasting.
  Updated: 2025-10-24T19:17:30Z
  Total Products: 2
- [All Collection Products Green Coffee and Roasted Coffee](https://roastikacoffee.com/collections/all-collection-products): Discover our collection of premium Green Coffee and Roasted Coffee products for an unparalleled coffee experience.
  Updated: 2025-11-18T12:27:15Z
  Total Products: 25
- [Shop the Best Green Coffee Products Online](https://roastikacoffee.com/collections/all): Discover a variety of high-quality green coffee products to elevate your morning routine and energize your day.
  Updated: 2025-11-18T12:27:15Z
  Total Products: 25
- [Colombia Green Coffee Beans Collection](https://roastikacoffee.com/collections/colombia): Discover Colombia's finest green coffee beans in our exclusive collection. Rich flavor profiles and high quality guaranteed. Shop now!
  Updated: 2025-11-17T12:28:28Z
  Total Products: 2
- [Ethiopia Green Coffee Beans Collection](https://roastikacoffee.com/collections/ethiopia): Discover Ethiopian green coffee—Yirgacheffe, Sidamo, Guji. Floral, citrus, and berry notes with a tea-like body; specialty unroasted beans for home roasting.
  Updated: 2025-11-11T12:28:14Z
  Total Products: 2
- [Costa Rica Green Coffee Beans Collection](https://roastikacoffee.com/collections/costa-rica): Explore Costa Rican green coffees—Tarrazu, West Valley, Central Valley. Clean, balanced cups with citrus, stone fruit, and brown sugar sweetness.
  Updated: 2025-10-24T19:17:30Z
  Total Products: 1
- [Mexico Chiapas Coffee Green Coffee Beans Collection](https://roastikacoffee.com/collections/mexico): Explore Mexican green coffee origins—Chiapas, Oaxaca, Veracruz. Chocolatey, nutty sweetness with mild citrus; unroasted beans for home roasting.
  Updated: 2025-10-30T11:28:15Z
  Total Products: 1
- [Tanzania Peaberry Kilimanjaro - Rich Flavor Profile](https://roastikacoffee.com/collections/tanzania): Discover Tanzanian green coffee—Peaberry and AA lots with bright citrus, berry sweetness, cocoa finish; specialty unroasted beans for home roasting.
  Updated: 2025-11-18T12:27:15Z
  Total Products: 1
- [Indonesia Green Coffee Beans Collection](https://roastikacoffee.com/collections/indonesia): hop Indonesian green coffee—Sumatra, Sulawesi, Java. Rich, syrupy body with chocolate, spice, and herbal notes; low-acidity unroasted beans.
  Updated: 2025-10-24T19:17:30Z
  Total Products: 1
- [Kenya Green Coffee Beans Collection](https://roastikacoffee.com/collections/kenda): Explore Kenyan green coffee—AA and AB lots with vibrant citrus, stone fruit and blackcurrant notes; clean finish and lively acidity for home roasting
  Updated: 2025-10-24T19:17:30Z
  Total Products: 1
- [Green Coffee from Việt Nam: Unique and Flavorful Beans](https://roastikacoffee.com/collections/việt-nam): Discover the best green coffee from Việt Nam, known for its rich flavor and unique aroma. Experience a taste like no other.
  Updated: 2025-10-24T19:17:30Z
  Total Products: 1
- [Discover the Best Nicaragua Green Coffee](https://roastikacoffee.com/collections/nicaragua): Discover the finest Green Coffee beans from Nicaragua, known for their unique flavor and high-quality standards. Order yours today!
  Updated: 2025-10-24T19:17:30Z
  Total Products: 1
- [Discover Our Guatemalan Green Coffee Selection](https://roastikacoffee.com/collections/guatemala): Explore our Guatemalan Green Coffee Collection for the finest quality beans, rich flavor profiles, and sustainable sourcing.
  Updated: 2025-10-24T19:17:31Z
  Total Products: 2

## Blogs

- [News](https://roastikacoffee.com/blogs/news)
  - [Exploring the Green Coffee Harvesting Seasons Worldwide](https://roastikacoffee.com/blogs/news/exploring-the-green-coffee-harvesting-seasons-worldwide): Exploring the Green Coffee Harvesting Seasons Worldwide
    Updated: 2025-11-01T02:44:19Z
    Author: Roastika
  - [Best Home Coffee Roasting Tips: Beginner's Guide to Roasting Green Coffee Beans](https://roastikacoffee.com/blogs/news/best-home-coffee-roasting-tips-beginner-s-guide-to-roasting-green-coffee-beans): Best Home Coffee Roasting Tips: Beginner's Guide to Roasting Green Coffee Beans
    Updated: 2025-11-05T22:18:12Z
    Author: ROASTIKA
    Tags: best home coffee roasting tips, DIY coffee roast profiles, green coffee beans, home coffee roaster, roasting green beans flavor impact, small batch coffee roasting
  - [Understanding the Harvesting Timeline for Major Green Coffee Origins](https://roastikacoffee.com/blogs/news/understanding-the-harvesting-timeline-for-major-green-coffee-origins): Understanding the Harvesting Timeline for Major Green Coffee Origins
    Updated: 2025-11-07T20:01:43Z
    Author: Roastika
  - [How to Efficiently Plan Your Unroasted Green Coffee Orders](https://roastikacoffee.com/blogs/news/how-to-efficiently-plan-your-unroasted-green-coffee-orders): How to Efficiently Plan Your Unroasted Green Coffee Orders
    Updated: 2025-11-08T20:01:00Z
    Author: Roastika
  - [Essential Steps in the Unroasted Green Coffee Harvesting Process](https://roastikacoffee.com/blogs/news/essential-steps-in-the-unroasted-green-coffee-harvesting-process): Essential Steps in the Unroasted Green Coffee Harvesting Process
    Updated: 2025-11-09T20:00:49Z
    Author: Roastika
  - [Frequently Asked Questions About Green Coffee Harvesting and Shipping](https://roastikacoffee.com/blogs/news/frequently-asked-questions-about-green-coffee-harvesting-and-shipping): Frequently Asked Questions About Green Coffee Harvesting and Shipping
    Updated: 2025-11-14T20:01:29Z
    Author: Roastika
  - [A Comprehensive Guide to Green Coffee Harvesting by Region](https://roastikacoffee.com/blogs/news/a-comprehensive-guide-to-green-coffee-harvesting-by-region): A Comprehensive Guide to Green Coffee Harvesting by Region
    Updated: 2025-11-15T20:01:32Z
    Author: Roastika
  - [Problems and Solutions in the Unroasted Green Coffee Supply Chain](https://roastikacoffee.com/blogs/news/problems-and-solutions-in-the-unroasted-green-coffee-supply-chain): Problems and Solutions in the Unroasted Green Coffee Supply Chain
    Updated: 2025-11-16T20:01:10Z
    Author: Roastika

## Store Pages

- [Contact - Green Coffee and Unroasted Coffee Supplier](https://roastikacoffee.com/pages/contact): Contact Inquire about green coffee and unroasted coffee. Reach Out for Green Coffee If you are looking to purchase green coffee beans, contact us t...
  Updated: 2025-10-24T15:06:45Z
- [Your privacy choices](https://roastikacoffee.com/pages/data-sharing-opt-out): As described in our Privacy Policy, we collect personal information from your interactions with us and our website, including through cookies and s...
  Updated: 2025-10-24T15:52:21Z
- [Shop Wholesale Green Coffee - Best Prices & Selection](https://roastikacoffee.com/pages/wholesale): Quality Wholesale Green Coffee Looking for top-notch wholesale green coffee for your business? Look no further! Our company specializes in providin...
  Updated: 2025-10-23T21:38:48Z
- [Unroasted Green Coffee Beans - Premium Quality Arabica & Robusta](https://roastikacoffee.com/pages/unroasted): Discover Unroasted Coffee Beans Unroasted green coffee beans are the perfect choice for coffee enthusiasts looking to explore the world of coffee r...
  Updated: 2025-10-23T21:41:13Z
- [Frequently Asked Questions](https://roastikacoffee.com/pages/avada-faqs): .main-page-title.page-title { display: none !important; } function loadChattyPage() { const elem = document.createElement('script'); elem.type = 't...
  Updated: 2025-10-10T00:08:29Z
- [Colombia Page](https://roastikacoffee.com/pages/colombia-page)
  Updated: 2025-09-12T19:24:39Z
- [Coffee Knowledge Library Page - Everything You Need to Know](https://roastikacoffee.com/pages/library-page): Welcome to the Library Page Explore our collection of resources dedicated to knowledge sharing about coffee. From brewing techniques to the history...
  Updated: 2025-10-27T02:45:00Z
- [Harvesting the Best Coffee Beans](https://roastikacoffee.com/pages/harvesting): The Harvesting Process Harvesting coffee beans is a meticulous process that involves picking the ripe coffee cherries by hand. This labor-intensive...
  Updated: 2025-10-22T15:28:52Z
- [Roasting: Tips and Techniques for Perfectly Roasted Dishes](https://roastikacoffee.com/pages/roasting): Coffee Roasting Stages The process of coffee roasting involves a series of chemical changes that enhance the flavor, acidity, aftertaste, and body ...
  Updated: 2025-10-23T21:41:54Z
- [Cupping for Coffee: Discover the Perfect Brew](https://roastikacoffee.com/pages/cupping): What is cupping? Cupping is an ancient alternative therapy that involves placing cups on the skin to create suction. This technique is used to reli...
  Updated: 2025-10-22T15:26:03Z
- [Grading Coffee: How Experts Rate Beans](https://roastikacoffee.com/pages/grading): How are Coffee Beans Graded? Coffee beans are evaluated for quality based on different criteria, including defects, size, and cup quality. Differen...
  Updated: 2025-10-27T02:41:16Z
- [Shipping and return](https://roastikacoffee.com/pages/shipping-and-return): 
  Updated: 2025-10-21T03:24:19Z
- [Privacy](https://roastikacoffee.com/pages/privacy)
  Updated: 2025-10-24T15:52:38Z
- [Accessibility](https://roastikacoffee.com/pages/accessibility)
  Updated: 2025-10-24T15:52:37Z
- [Contact 2](https://roastikacoffee.com/pages/contact-2)
  Updated: 2025-10-08T20:59:48Z
- [Brazil Green Coffee Beans](https://roastikacoffee.com/pages/brazil-page): Explore Brazilian green coffee origins: Cerrado, Mogiana, Sul de Minas. Unroasted beans with chocolatey, nutty sweetness and low acidity for home r...
  Updated: 2025-10-21T03:03:15Z
- [Ethiopia Green Coffee Beans](https://roastikacoffee.com/pages/ethiopia-page): Discover Ethiopian green coffee—Yirgacheffe, Sidamo, Guji. Floral, citrus, and berry notes with a tea-like body; specialty unroasted beans for home...
  Updated: 2025-10-21T03:12:44Z
- [Mexico Green Coffee Beans](https://roastikacoffee.com/pages/mexico): Explore Mexican green coffee origins—Chiapas, Oaxaca, Veracruz. Chocolatey, nutty sweetness with mild citrus; unroasted beans for home roasting
  Updated: 2025-10-21T03:03:40Z
- [costa rica Green Coffee Beans](https://roastikacoffee.com/pages/costa-rica): Explore Costa Rican green coffees—Tarrazu, West Valley, Central Valley. Clean, balanced cups with citrus, stone fruit, and brown sugar sweetness
  Updated: 2025-10-21T03:04:20Z
- [Premium Tanzania Green Coffee Beans - Direct From Origin](https://roastikacoffee.com/pages/tanzania): Discover Tanzanian green coffee—Peaberry and AA lots with bright citrus, berry sweetness, cocoa finish; specialty unroasted beans for home roasting.
  Updated: 2025-10-27T02:32:43Z
- [Buy Kenya Green Coffee Beans Online](https://roastikacoffee.com/pages/kenya): Explore Kenyan green coffee—AA and AB lots with vibrant citrus, stone fruit and blackcurrant notes; clean finish and lively acidity for home roasting.
  Updated: 2025-10-27T02:30:37Z
- [Buy Indonesia Green Coffee Beans Online](https://roastikacoffee.com/pages/indonesia): Indonesian green coffee—Sumatra, Sulawesi, Java. Rich, syrupy body with chocolate, spice, and herbal notes; low-acidity unroasted beans.
  Updated: 2025-10-23T21:42:37Z
- [Vietnam Green Coffee - Organic Beans Online](https://roastikacoffee.com/pages/vietnam): Vietnam Vietnam is a beautiful country in Southeast Asia known for its rich history, stunning landscapes, and vibrant culture. One of the country's...
  Updated: 2025-10-23T21:35:34Z
- [Nicaragua Green Coffee Beans - Direct from the Source](https://roastikacoffee.com/pages/nicaragua): Nicaragua Unroasted Coffee in Nicaragua Nicaragua is renowned for its production of high-quality unroasted coffee beans. The country's fertile soil...
  Updated: 2025-10-23T20:27:33Z
- [Guatemalan Green Coffee - Buy Quality Beans Online](https://roastikacoffee.com/pages/guatemala): Why Choose Guatemalan Coffee? Guatemala is renowned for producing some of the finest green coffee beans in the world. The country's ideal climate a...
  Updated: 2025-10-23T20:26:11Z
- [Stay Tuned for Exciting Upcoming Content](https://roastikacoffee.com/pages/upcoming): Stay tuned for upcoming exciting content and updates. Stay tuned for our upcoming events and updates.
  Updated: 2025-10-24T15:52:31Z

## Policies

- [Privacy Policy](https://roastikacoffee.com/policies/privacy-policy)
  Updated: 2025-09-10T21:03:39-05:00
- [Shipping Policy](https://roastikacoffee.com/policies/shipping-policy)
  Updated: 2025-10-20T16:29:16-05:00
- [Refund Policy](https://roastikacoffee.com/policies/refund-policy)
  Updated: 2025-10-29T14:20:32-05:00
- [Terms of Service](https://roastikacoffee.com/policies/terms-of-service)
  Updated: 2025-10-29T14:31:43-05:00
- [Contact Information](https://roastikacoffee.com/policies/contact-information)
  Updated: 2025-10-08T12:48:19-05:00

## Optional

- [robots.txt](https://roastikacoffee.com/robots.txt)
- [sitemap.xml](https://roastikacoffee.com/sitemap.xml)
